@book{Goodfellow-et-al-2016,
    title={Deep Learning},
    author={Ian Goodfellow and Yoshua Bengio and Aaron Courville},
    publisher={MIT Press},
    note={\url{http://www.deeplearningbook.org}},
    year={2016}
}


@inbook{ahrnbom-jensen-etal-iccvw-17,
  title     = "Improving a real-time object detector with compact temporal information",
  author    = "Ahrnbom, Martin and Jensen, Morten Born{\o} and {\AA}str{\"o}m, Kalle and Nilsson, Mikael and Ard{\"o}, H{\aa}kan and Moeslund, Thomas",
  year      = "2017",
  month     = "10",
  pages     = "190",
  booktitle = "International Conference on Computer Vision Workshops, 2017",
  publisher = "IEEE--Institute of Electrical and Electronics Engineers Inc.",
  url = ?http://openaccess.thecvf.com/content_ICCV_2017_workshops/papers/w3/Ahrnbom_Improving_a_Real-Time_ICCV_2017_paper.pdf?,
}

